@INPROCEEDINGS{7139416, 
author={Yun Yu and Shuo Yang and Mingxi Wang and Cheng Li and Zexiang Li}, 
booktitle={2015 IEEE International Conference on Robotics and Automation (ICRA)}, 
title={High performance full attitude control of a quadrotor on SO(3)}, 
year={2015}, 
pages={1698-1703}, 
keywords={Lie algebras;Lie groups;attitude control;autonomous aerial vehicles;cascade control;linear systems;nonlinear dynamical systems;three-term control;trajectory control;Lie algebra theory;Lie group;cascaded linear PID controllers;complex acrobatic unmanned aerial vehicle maneuvers;exponential coordinates parametrization;nonlinear dynamic model;quadrotor UAV attitude control algorithm;rotational trajectory planner;smith predictor;Attitude control;Delays;Heuristic algorithms;Robot kinematics;Rotors;Trajectory}, 
doi={10.1109/ICRA.2015.7139416}, 
ISSN={1050-4729}, 
month={May},}

@INPROCEEDINGS{5717652, 
author={T. Lee and M. Leoky and N. H. McClamroch}, 
booktitle={49th IEEE Conference on Decision and Control (CDC)}, 
title={Geometric tracking control of a quadrotor UAV on SE(3)}, 
year={2010}, 
pages={5420-5425}, 
keywords={aircraft control;nonlinear control systems;remotely operated vehicles;tracking;asymptotic tracking;closed loop property;geometric tracking control;nonlinear tracking controller;quadrotor UAV rigid body dynamics;quadrotor unmanned aerial vehicle;rotor thrust;special Euclidean group;vehicle body-fixed axis;Asymptotic stability;Attitude control;Propellers;Rotors;Stability analysis;Trajectory;Unmanned aerial vehicles}, 
doi={10.1109/CDC.2010.5717652}, 
ISSN={0191-2216}, 
month={Dec},}

@misc{nasa,
  title = {Euler angles, quaternions, and transformation matrices},
  howpublished = {\url{http://ntrs.nasa.gov/search.jsp?R=19770019231}},
  note = {Mission Planning and Analysis Division, 1977}
}
